@article{barro2015,
  title={Convergence and Modernisation},
  author={Barro, Robert},
  journal={The Economic Journal},
  volume={125},
  number={585},
  pages={911--942},
  year={2015},
  publisher={Wiley Online Library}
}

@article{barrolee2013,
  title={A New Dataset of Educational Attainment in the World, 1950-2010},
  author={Barro, Robert and Jong-Wha Lee},
  journal={Journal of Development Economics},
  year={2013},
  volume={104},
  pages={184--198},
  publisher={Elsevier}
}

@article{benhabibspiegel1994,
  title={The Role of Human Capital in Economic Development: Evidence From Aggregate Cross-Country Data},
  author={Benhabib, Jess and Spiegel, Mark M},
  journal={Journal of Monetary Economics},
  volume={34},
  number={2},
  pages={143--173},
  year={1994},
  publisher={Elsevier}
}

@article{caselliesquivellefort1996,
  title={Reopening the Convergence Debate: a New Look at Cross-Country Growth Empirics},
  author={Caselli, Francesco and Esquivel, Gerardo and Lefort, Fernando},
  journal={Journal of Economic Growth},
  volume={1},
  number={3},
  pages={363--389},
  year={1996},
  publisher={Springer}
}

@article{cohensoto2007,
  title={Growth and Human Capital: Good Data, Good Results},
  author={Cohen, Daniel and Soto, Marcelo},
  journal={Journal of Economic Growth},
  volume={12},
  number={1},
  pages={51--76},
  year={2007},
  publisher={Springer}
}

@article{pennworldtable9,
  title={The Next Generation of the Penn World Table},
  author={Feenstra, Robert C and Inklaar, Robert and Timmer, Marcel P},
  journal={American Economic Review},
  volume={105},
  number={10},
  pages={3150--3182},
  year={2015}
}

@article{fuentedomenech2006,
  title={Human Capital in Growth Regressions: How Much Difference Does Data Quality Make?},
  author={De la Fuente, Angel and Dom{\'e}nech, Rafael},
  journal={Journal of the European Economic Association},
  volume={4},
  number={1},
  pages={1--36},
  year={2006},
  publisher={Oxford University Press}
}

@article{hamiltonmonteagudo1998,
  title={The Augmented Solow Model and the Productivity Slowdown},
  author={Hamilton, James D and Monteagudo, Josefina},
  journal={Journal of Monetary Economics},
  volume={42},
  number={3},
  pages={495--509},
  year={1998},
  publisher={Elsevier}
}

@article{hanushek2013,
  title={Economic growth in developing countries: The role of human capital},
  author={Hanushek, Eric A},
  journal={Economics of Education Review},
  volume={37},
  pages={204--212},
  year={2013},
  publisher={Elsevier}
}

@article{hauk2017,
  title={Endogeneity Bias and Growth Regressions},
  author={Hauk, William R},
  journal={Journal of Macroeconomics},
  volume={51},
  pages={143--161},
  year={2017},
  publisher={Elsevier}
}

@article{haukwacziarg2009,
  title={A Monte Carlo Study of Growth Regressions},
  author={Hauk, William R and Wacziarg, Romain},
  journal={Journal of Economic Growth},
  volume={14},
  number={2},
  pages={103--147},
  year={2009},
  publisher={Springer}
}

@article{hotelling1933,
  title={Analysis of a Complex of Statistical Variables Into Principal Components},
  author={Hotelling, Harold},
  journal={Journal of Educational Psychology},
  volume={24},
  number={6},
  pages={417},
  year={1933},
  publisher={Warwick \& York}
}

@article{islam1995,
  title={Growth Empirics: a Panel Data Approach},
  author={Islam, Nazrul},
  journal={The Quarterly Journal of Economics},
  volume={110},
  number={4},
  pages={1127--1170},
  year={1995},
  publisher={MIT Press}
}

@article{knightloayzavillanueva1993,
  title={Testing the Neoclassical Theory of Economic Growth: a Panel Data Approach},
  author={Knight, Malcolm and Loayza, Norman and Villanueva, Delano},
  journal={Staff papers (International Monetary Fund)},
  volume={40},
  number={3},
  pages={512--541},
  year={1993},
  publisher={Springer}
}

@article{leelee2016,
  title={Human Capital in the Long Run},
  author={Lee, Jong-Wha and Lee, Hanol},
  journal={Journal of Development Economics},
  volume={122},
  pages={147--169},
  year={2016},
  publisher={Elsevier}
}

@article{mankiwromerweil1992,
  title={A Contribution to the Empirics of Economic Growth},
  author={Mankiw, N Gregory and Romer, David and Weil, David N},
  journal={The Quarterly Journal of Economics},
  volume={107},
  number={2},
  pages={407--437},
  year={1992},
  publisher={MIT Press}
}

@article{nickell1981,
  title={Biases in Dynamic Models With Fixed Effects},
  author={Nickell, Stephen},
  journal={Econometrica},
  volume={49},
  number={6},
  pages={1417--1426},
  year={1981},
  publisher={The Econometric Society}
}

@article{pearson1901,
  title={Principal Components Analysis},
  author={Pearson, Karl},
  journal={The London, Edinburgh, and Dublin Philosophical Magazine and Journal of Science},
  volume={6},
  number={2},
  pages={559},
  year={1901}
}

@article{pritchett1999,
  title={Where Has All the Education Gone?},
  author={Pritchett, Lant},
  journal={The World Bank Economic Review},
  volume={15},
  number={3},
  pages={367--391},
  year={1999},
  publisher={The World Bank}
}

@article{solow1956,
  title={A Contribution to the Theory of Economic Growth},
  author={Solow, Robert M},
  journal={The Quarterly Journal of Economics},
  volume={70},
  number={1},
  pages={65--94},
  year={1956},
  publisher={MIT Press}
}

@article{tibshirani1996,
 author = {Tibshirani, Robert},
 journal = {Journal of the Royal Statistical Society. Series B (Methodological)},
 number = {1},
 pages = {267--288},
 publisher = {[Royal Statistical Society, Wiley]},
 title = {Regression Shrinkage and Selection via the Lasso},
 volume = {58},
 year = {1996}
}